<collection xmlns="http://www.loc.gov/MARC21/slim"><record><leader>00904nam  2200253   450</leader><controlfield tag="001">516</controlfield><controlfield tag="003">http://montalegre.opacnet.com/OPAC/default.aspx?ContentAreaControl=ShowRegHoldings.ascx&amp;RegNo=16662</controlfield><datafield tag="021" ind1=" " ind2=" "><subfield code="a">PT</subfield><subfield code="b">21646/88</subfield></datafield><datafield tag="095" ind1=" " ind2=" "><subfield code="a">PTBN00131807</subfield></datafield><datafield tag="100" ind1=" " ind2=" "><subfield code="a">20061013d1988    em y0pory0103    ba</subfield></datafield><datafield tag="101" ind1="1" ind2=" "><subfield code="a">por</subfield><subfield code="c">eng</subfield></datafield><datafield tag="102" ind1=" " ind2=" "><subfield code="a">PT</subfield></datafield><datafield tag="200" ind1="1" ind2=" "><subfield code="a">&lt;A &gt;letra encarnada</subfield><subfield code="f">Nathaniel Hawthorne</subfield><subfield code="g">trad. Fernando Pessoa</subfield><subfield code="g">introd. George Monteiro</subfield></datafield><datafield tag="210" ind1=" " ind2=" "><subfield code="a">Lisboa</subfield><subfield code="c">Dom Quixote</subfield><subfield code="d">1988</subfield></datafield><datafield tag="215" ind1=" " ind2=" "><subfield code="a">326 p.</subfield><subfield code="d">18 cm</subfield></datafield><datafield tag="225" ind1="2" ind2=" "><subfield code="a">Biblioteca de bolso Dom Quixote</subfield><subfield code="i">Ficção</subfield><subfield code="v">34</subfield></datafield><datafield tag="304" ind1=" " ind2=" "><subfield code="a">Tít. orig.: The scarlet letter</subfield></datafield><datafield tag="675" ind1=" " ind2=" "><subfield code="a">821</subfield><subfield code="v">BN</subfield><subfield code="z">por</subfield></datafield><datafield tag="700" ind1=" " ind2="1"><subfield code="a">Hawthorne</subfield><subfield code="b">Nathaniel</subfield><subfield code="f">1804-1864</subfield></datafield><datafield tag="702" ind1=" " ind2="1"><subfield code="a">Pessoa</subfield><subfield code="b">Fernando</subfield><subfield code="f">1888-1935</subfield><subfield code="4">730</subfield></datafield><datafield tag="702" ind1=" " ind2="1"><subfield code="a">Monteiro</subfield><subfield code="b">George</subfield><subfield code="f">1932-</subfield><subfield code="4">080</subfield></datafield><datafield tag="801" ind1=" " ind2="0"><subfield code="a">PT</subfield><subfield code="b">Biblioteca Municipal de Montalegre</subfield><subfield code="g">RPC</subfield></datafield><datafield tag="856" ind1=" " ind2=" "><subfield code="u">locateMedia.asp?cod=20060517172158&amp;ext=jpg</subfield><subfield code="z">CAPA</subfield></datafield><datafield tag="909" ind1="&#9;" ind2=" "><subfield code="a">2</subfield></datafield><datafield tag="966" ind1=" " ind2=" "><subfield code="a">0005326</subfield><subfield code="l">BMM</subfield><subfield code="s">SCG 821 HAW let 34</subfield></datafield><datafield tag="966" ind1=" " ind2=" "><subfield code="a">0005327</subfield><subfield code="l">BMM</subfield><subfield code="s">SCG 821 HAW let 34</subfield></datafield></record></collection>